<?xml version="1.0" encoding="UTF-8"?><collection xmlns="http://www.loc.gov/MARC21/slim"><record><leader>00298nam--2200109-i-4500</leader><controlfield tag="001">000046507</controlfield><controlfield tag="002">20161230</controlfield><controlfield tag="005">20161230201046</controlfield><controlfield tag="008">060222s1000------------r-----000-0-eng-d</controlfield><datafield ind1=" " ind2=" " tag="245"><subfield code="a">Utilizarea rationala a caldurii in intreprinderile industriale</subfield></datafield><datafield ind1=" " ind2=" " tag="260"><subfield code="a">Bucuresti, I.D.T., 1958, 66p.Lito</subfield></datafield><datafield ind1=" " ind2=" " tag="852"><subfield code="a">679</subfield></datafield></record></collection>